@article{bib0,
	author         = "Mathieu, V. and others",
	title          = "{Neutral Pion Photoproduction in a Regge Model}",
	journal        = "Phys. Rev.",
	volume         = "D92",
	year           = "2015",
	number         = "7",
	pages          = "074013",
	eprint         = "1505.02321",
	archivePrefix  = "arXiv",
	primaryClass   = "hep-ph",
	SLACcitation   = "%%CITATION = ARXIV:1505.02321;%%"
}

