@article{scalingexp1,
	title = {${\ensuremath{\pi}}^{+}$ photoproduction on the proton for photon energies from 0.725 to 2.875 GeV},
	author = {Dugger, M. and others},
	collaboration = {CLAS Collaboration},
	journal = {Phys. Rev. C},
	volume = {79},
	issue = {6},
	pages = {065206},
	year = {2009},
}