@ARTICLE{bib0,
	author = "P. Adlarson and et al.",
	journal = "Physics Letters B ",
	volume = "707",
	pages = "243 - 249",
	year = "2012",	
}

@ARTICLE{bib1,
author = "A. Abele and et al.",
year = "1997",
journal = "Physics Letters B ",
volume = "402",
pages = "195 - 206",
}
@ARTICLE{bib2,
	author = "D. Babusci and et al.",
	journal = "Physics Letters B ",
	volume = "718",
	pages = "910 - 914",
	year = "2013",

}
@ARTICLE{bib3,
	author = "F. Stollenwerk and et al.",
	journal = "Physics Letters B ",
	volume = "707",
	pages = "184 - 190",
	year = "2012",
}
@article{bib4,
	title = {Internal Pair Production Associated with the Emission of High-Energy Gamma Rays},
	author = {Kroll, Norman M. and Wada, Walter},
	journal = {Phys. Rev.},
	volume = {98},
	issue = {5},
	pages = {1355--1359},
	numpages = {0},
	year = {1955},
}
@article{bib5,
	title = "Study of the electromagnetic transition form-factors in and decays with \{NA60\} ",
	journal = "Physics Letters B ",
	volume = "677",
	number = "5",
	pages = "260 - 266",
	year = "2009",
	author = "R. Arnaldi and K. Banicz and J. Castor and B. Chaurand and C. Cicalò and A. Colla and P. Cortese and S. Damjanovic and A. David and A. de Falco and A. Devaux and L. Ducroux and H. En'yo and J. Fargeix and A. Ferretti and M. Floris and A. Förster and P. Force and N. Guettet and A. Guichard and H. Gulkanian and J.M. Heuser and M. Keil and C. Lourenco and J. Lozano and F. Manso and P. Martins and A. Masoni and A. Neves and H. Ohnishi and C. Oppedisano and P. Parracho and P. Pillot and T. Poghosyan and G. Puddu and E. Radermacher and P. Ramalhete and P. Rosinsky and E. Scomparin and J. Seixas and S. Serci and R. Shahoyan and P. Sonderegger and H.J. Specht and R. Tieulent and G. Usai and R. Veenhof and H.K. Wöhri",
}
@article{bib6,
	title = "Electromagnetic transition form factors of light vector mesons ",
	journal = "Physics Letters B ",
	volume = "691",
	number = "4",
	pages = "191 - 201",
	year = "2010",
	author = "Carla Terschlüsen and Stefan Leupold",
}
@article{bib7,
	author         = "Ablikim, M. and others",
	title          = "{Observation of the Dalitz Decay $\eta' \to \gamma e^+e^-$}",
	collaboration  = "BESIII",
	journal        = "Phys. Rev.",
	volume         = "D92",
	year           = "2015",
	number         = "1",
	pages          = "012001",
}
@article{bib8,
	author         = "Williams, M. and Bellis, M. and Meyer, C. A.",
	title          = "{Multivariate side-band subtraction using probabilistic
	event weights}",
	journal        = "JINST",
	volume         = "4",
	year           = "2009",
	pages          = "P10003",
}